@book{jade,
	author = {Bellifemine, Fabio and Caire, Giovanni and Greenwood, Dominic},
	isbn = {978-0-470-05747-6},
	publisher = {John Wiley \& Sons},
	series = {{Wiley Series in Agent Technology}},
	title = {{developing multi-agent systems with JADE}},
	year = {2007}
}

@misc{info2,
	author = {G\"{o}hner, {\relax Prof. Dr.-Ing. Dr. h. c.} Peter},
	institution = {Institut f\"{u}r Automatisierungs- und Softwaretechnik},
	school = {Universit\"{a}t Stuttgart},
	title = {{Grundlagen der Softwaretechnik}},
	year = {2012}
}

@book{java,
	author = {Kr\"{u}ger, Guido and Stark, Thomas},
	isbn = {978-3-8273-2815-1},
	publisher = {Addison-Wesley},
	title = {{Handbuch der Java-Pro\-gram\-mie\-rung}},
	edition = {5},
	year = {2009}
}

@book{swQuali,
	author = {Hoffmann, Dirk W.},
	edition = {2},
	isbn = {978-3-642-35699-5},
	publisher = {Springer Vieweg},
	title = {{Software-Qualit\"{a}t}},
	year = {2013}
}

@book{cluster,
	author = {Bauke, Heiko and Mertens, Stephan},
	isbn = {978-3-540-42299-0},
	publisher = {Springer},
	title = {{Cluster Computing}},
	year = {2006}
}

