@Misc{SIG,
title = {Projektseite \textsc{Sigar}},
note = {Eingesehen am 12.11.2014},
url = {https://support.hyperic.com/display/SIGAR/Home},
}

@Misc{JFC,
title = {Projektseite \textsc{JFreeChart}},
note = {Eingesehen am 12.11.2014},
url = {http://www.jfree.org/jfreechart/},
}

@Misc{DF,
title = {Projektseite \textsc{DockingFrames}},
note = {Eingesehen am 12.11.2014},
url = {http://dock.javaforge.com/},
}

@Misc{IKo,
title = {Icon der Konsole},
note = {Eingesehen am 12.11.2014},
url = {http://upload.wikimedia.org/wikipedia/commons/8/82/Konsole-icon.png},
}

@Misc{IMo,
title = {Icon des Status-Monitors},
note = {Eingesehen am 12.11.2014},
url = {http://findicons.com/files/icons/2166/oxygen/128/utilities\_system\_monitor.png},
}

@Misc{COMSOL,
title = {Projektseite \textsc{Comsol}},
note = {Eingesehen am 12.11.2014},
url = {http://www.comsol.com/comsol-multiphysics},
}
