
%% Created for Nan Zhao at 2017-05-19 16:42:07 +0200 


%% Saved with string encoding Unicode (UTF-8) 



@inproceedings{itep79,
	Address = {Cambridge, England},
	Author = {Matthias J{\"{u}}ttner and Sebastian Grabmaier and Wolfgang M. Rucker},
	Booktitle = {European COMSOL Conference 2014},
	Date-Added = {2017-05-19 14:41:46 +0000},
	Date-Modified = {2017-05-19 14:41:46 +0000},
	Pages = {1-5},
	Title = {Web Based 3D Visualization for COMSOL Multiphysics},
	Year = {2014}}

@misc{ wiki:opengl,
   author = "Wikipedia",
   title = "OpenGL --- Wikipedia{,} The Free Encyclopedia",
   year = "2017",
   url = "\url{https://en.wikipedia.org/w/index.php?title=OpenGL&oldid=779059617}",
   note = "[Online; accessed 20-May-2017]"
 }